%YAML 1.1
%TAG !u! tag:unity3d.com,2011:
--- !u!1 &268666006194274550
GameObject:
  m_ObjectHideFlags: 0
  m_CorrespondingSourceObject: {fileID: 0}
  m_PrefabInstance: {fileID: 0}
  m_PrefabAsset: {fileID: 0}
  serializedVersion: 6
  m_Component:
  - component: {fileID: 6444385301132609173}
  - component: {fileID: 1812650887676795327}
  - component: {fileID: 7558135140221298827}
  m_Layer: 8
  m_Name: Group_001
  m_TagString: Untagged
  m_Icon: {fileID: 0}
  m_NavMeshLayer: 0
  m_StaticEditorFlags: 0
  m_IsActive: 1
--- !u!4 &6444385301132609173
Transform:
  m_ObjectHideFlags: 0
  m_CorrespondingSourceObject: {fileID: 0}
  m_PrefabInstance: {fileID: 0}
  m_PrefabAsset: {fileID: 0}
  m_GameObject: {fileID: 268666006194274550}
  m_LocalRotation: {x: 0.7071068, y: 0, z: 0, w: 0.7071068}
  m_LocalPosition: {x: 0, y: 0.885, z: 0.884}
  m_LocalScale: {x: -3.8101757, y: -3.8101757, z: -3.7339718}
  m_Children: []
  m_Father: {fileID: 1526368075779770677}
  m_RootOrder: 0
  m_LocalEulerAnglesHint: {x: 90, y: 0, z: 0}
--- !u!33 &1812650887676795327
MeshFilter:
  m_ObjectHideFlags: 0
  m_CorrespondingSourceObject: {fileID: 0}
  m_PrefabInstance: {fileID: 0}
  m_PrefabAsset: {fileID: 0}
  m_GameObject: {fileID: 268666006194274550}
  m_Mesh: {fileID: -5246272249935978634, guid: ca50741113a9cf147a3bebdbbfe58f44, type: 3}
--- !u!23 &7558135140221298827
MeshRenderer:
  m_ObjectHideFlags: 0
  m_CorrespondingSourceObject: {fileID: 0}
  m_PrefabInstance: {fileID: 0}
  m_PrefabAsset: {fileID: 0}
  m_GameObject: {fileID: 268666006194274550}
  m_Enabled: 1
  m_CastShadows: 1
  m_ReceiveShadows: 1
  m_DynamicOccludee: 1
  m_StaticShadowCaster: 0
  m_MotionVectors: 1
  m_LightProbeUsage: 1
  m_ReflectionProbeUsage: 1
  m_RayTracingMode: 2
  m_RayTraceProcedural: 0
  m_RenderingLayerMask: 1
  m_RendererPriority: 0
  m_Materials:
  - {fileID: 2100000, guid: cc583de2269d1bb4c8eea0f80e0a1da3, type: 2}
  - {fileID: 2100000, guid: b16fc417a36c40a4d9b42a61c9ea4ac8, type: 2}
  - {fileID: 2100000, guid: 674c3a9493a2cdf49af5416d63d51f24, type: 2}
  - {fileID: 2100000, guid: bf2cd7ad2983e574582681f764a79e37, type: 2}
  - {fileID: 2100000, guid: d1ee90c616600564b9518dbe742a48f2, type: 2}
  - {fileID: 2100000, guid: d24e14b64914c644885ca0cfb51fcddc, type: 2}
  - {fileID: 2100000, guid: 5499261726b298f41b193672c1166782, type: 2}
  - {fileID: 2100000, guid: 993f75a7b4735114cb3d8038c4ecfa0d, type: 2}
  - {fileID: 2100000, guid: b5afaaa4ce7e64b4c984fcef620515d0, type: 2}
  - {fileID: 2100000, guid: b77d798512e9eeb48ae8a8fad07ae85c, type: 2}
  - {fileID: 2100000, guid: 3a04e683ba3f55247975898c2b33a228, type: 2}
  - {fileID: 2100000, guid: 47cad14a530fe7c44ab24d17d3054d26, type: 2}
  - {fileID: 2100000, guid: ffe983fb262da0c4db78bf3d1fd30941, type: 2}
  - {fileID: 2100000, guid: e916ca90b748c1b43889083e2860dbd3, type: 2}
  m_StaticBatchInfo:
    firstSubMesh: 0
    subMeshCount: 0
  m_StaticBatchRoot: {fileID: 0}
  m_ProbeAnchor: {fileID: 0}
  m_LightProbeVolumeOverride: {fileID: 0}
  m_ScaleInLightmap: 1
  m_ReceiveGI: 1
  m_PreserveUVs: 0
  m_IgnoreNormalsForChartDetection: 0
  m_ImportantGI: 0
  m_StitchLightmapSeams: 1
  m_SelectedEditorRenderState: 3
  m_MinimumChartSize: 4
  m_AutoUVMaxDistance: 0.5
  m_AutoUVMaxAngle: 89
  m_LightmapParameters: {fileID: 0}
  m_SortingLayerID: 0
  m_SortingLayer: 0
  m_SortingOrder: 0
  m_AdditionalVertexStreams: {fileID: 0}
--- !u!1 &768213972117152466
GameObject:
  m_ObjectHideFlags: 0
  m_CorrespondingSourceObject: {fileID: 0}
  m_PrefabInstance: {fileID: 0}
  m_PrefabAsset: {fileID: 0}
  serializedVersion: 6
  m_Component:
  - component: {fileID: 6672090928972627802}
  - component: {fileID: 620124955268158194}
  - component: {fileID: 5046818902632469877}
  m_Layer: 8
  m_Name: 2_001
  m_TagString: Untagged
  m_Icon: {fileID: 0}
  m_NavMeshLayer: 0
  m_StaticEditorFlags: 0
  m_IsActive: 1
--- !u!4 &6672090928972627802
Transform:
  m_ObjectHideFlags: 0
  m_CorrespondingSourceObject: {fileID: 0}
  m_PrefabInstance: {fileID: 0}
  m_PrefabAsset: {fileID: 0}
  m_GameObject: {fileID: 768213972117152466}
  m_LocalRotation: {x: 0.00000019949603, y: 0.7071068, z: 0.7071068, w: -0.00000019949603}
  m_LocalPosition: {x: 5.5538735, y: 1.480979, z: 5.7772126}
  m_LocalScale: {x: 2.0344396, y: 2.0344396, z: 2.0344396}
  m_Children: []
  m_Father: {fileID: 1526368076413920729}
  m_RootOrder: 2
  m_LocalEulerAnglesHint: {x: 0, y: 0, z: 0}
--- !u!33 &620124955268158194
MeshFilter:
  m_ObjectHideFlags: 0
  m_CorrespondingSourceObject: {fileID: 0}
  m_PrefabInstance: {fileID: 0}
  m_PrefabAsset: {fileID: 0}
  m_GameObject: {fileID: 768213972117152466}
  m_Mesh: {fileID: 940800204880699315, guid: ca50741113a9cf147a3bebdbbfe58f44, type: 3}
--- !u!23 &5046818902632469877
MeshRenderer:
  m_ObjectHideFlags: 0
  m_CorrespondingSourceObject: {fileID: 0}
  m_PrefabInstance: {fileID: 0}
  m_PrefabAsset: {fileID: 0}
  m_GameObject: {fileID: 768213972117152466}
  m_Enabled: 1
  m_CastShadows: 1
  m_ReceiveShadows: 1
  m_DynamicOccludee: 1
  m_StaticShadowCaster: 0
  m_MotionVectors: 1
  m_LightProbeUsage: 1
  m_ReflectionProbeUsage: 1
  m_RayTracingMode: 2
  m_RayTraceProcedural: 0
  m_RenderingLayerMask: 1
  m_RendererPriority: 0
  m_Materials:
  - {fileID: 2100000, guid: cc583de2269d1bb4c8eea0f80e0a1da3, type: 2}
  - {fileID: 2100000, guid: 0869902a8a6136d4fb0aaee8335b8556, type: 2}
  - {fileID: 2100000, guid: f737850517b23e44db94a0bb3088f71f, type: 2}
  - {fileID: 2100000, guid: ef5b9fa3de5545149ab1c8cedae221df, type: 2}
  - {fileID: 2100000, guid: 27c9fb3dd9d9d2d4996ab3e76e0cc554, type: 2}
  - {fileID: 2100000, guid: 45d120ca19dcc94498e90ed25518631c, type: 2}
  - {fileID: 2100000, guid: 6b4671b4b23186149aa4a6307cf14049, type: 2}
  - {fileID: 2100000, guid: dff4b63db7717d74b91a656ceaa6be7a, type: 2}
  m_StaticBatchInfo:
    firstSubMesh: 0
    subMeshCount: 0
  m_StaticBatchRoot: {fileID: 0}
  m_ProbeAnchor: {fileID: 0}
  m_LightProbeVolumeOverride: {fileID: 0}
  m_ScaleInLightmap: 1
  m_ReceiveGI: 1
  m_PreserveUVs: 0
  m_IgnoreNormalsForChartDetection: 0
  m_ImportantGI: 0
  m_StitchLightmapSeams: 1
  m_SelectedEditorRenderState: 3
  m_MinimumChartSize: 4
  m_AutoUVMaxDistance: 0.5
  m_AutoUVMaxAngle: 89
  m_LightmapParameters: {fileID: 0}
  m_SortingLayerID: 0
  m_SortingLayer: 0
  m_SortingOrder: 0
  m_AdditionalVertexStreams: {fileID: 0}
--- !u!1 &1526368075779770676
GameObject:
  m_ObjectHideFlags: 0
  m_CorrespondingSourceObject: {fileID: 0}
  m_PrefabInstance: {fileID: 0}
  m_PrefabAsset: {fileID: 0}
  serializedVersion: 6
  m_Component:
  - component: {fileID: 1526368075779770677}
  m_Layer: 8
  m_Name: Small Tower
  m_TagString: Untagged
  m_Icon: {fileID: 0}
  m_NavMeshLayer: 0
  m_StaticEditorFlags: 0
  m_IsActive: 1
--- !u!4 &1526368075779770677
Transform:
  m_ObjectHideFlags: 0
  m_CorrespondingSourceObject: {fileID: 0}
  m_PrefabInstance: {fileID: 0}
  m_PrefabAsset: {fileID: 0}
  m_GameObject: {fileID: 1526368075779770676}
  m_LocalRotation: {x: 0, y: 0, z: 0, w: 1}
  m_LocalPosition: {x: 1.9, y: 2.775, z: 5.413}
  m_LocalScale: {x: 1, y: 1, z: 1}
  m_Children:
  - {fileID: 6444385301132609173}
  m_Father: {fileID: 5224367856836661869}
  m_RootOrder: 0
  m_LocalEulerAnglesHint: {x: 0, y: 0, z: 0}
--- !u!1 &1526368076288108029
GameObject:
  m_ObjectHideFlags: 0
  m_CorrespondingSourceObject: {fileID: 0}
  m_PrefabInstance: {fileID: 0}
  m_PrefabAsset: {fileID: 0}
  serializedVersion: 6
  m_Component:
  - component: {fileID: 1526368076288108030}
  - component: {fileID: 7022075610524798769}
  m_Layer: 8
  m_Name: Tower
  m_TagString: Untagged
  m_Icon: {fileID: 0}
  m_NavMeshLayer: 0
  m_StaticEditorFlags: 0
  m_IsActive: 1
--- !u!4 &1526368076288108030
Transform:
  m_ObjectHideFlags: 0
  m_CorrespondingSourceObject: {fileID: 0}
  m_PrefabInstance: {fileID: 0}
  m_PrefabAsset: {fileID: 0}
  m_GameObject: {fileID: 1526368076288108029}
  m_LocalRotation: {x: 0, y: 0, z: 0, w: 1}
  m_LocalPosition: {x: 0, y: 5.6, z: -2}
  m_LocalScale: {x: 1, y: 1, z: 1}
  m_Children:
  - {fileID: 3656072982360736549}
  - {fileID: 1526368077137536059}
  m_Father: {fileID: 5224367856836661869}
  m_RootOrder: 3
  m_LocalEulerAnglesHint: {x: 0, y: 0, z: 0}
--- !u!1818360609 &7022075610524798769
RotationConstraint:
  m_ObjectHideFlags: 0
  m_CorrespondingSourceObject: {fileID: 0}
  m_PrefabInstance: {fileID: 0}
  m_PrefabAsset: {fileID: 0}
  m_GameObject: {fileID: 1526368076288108029}
  m_Enabled: 1
  m_Weight: 1
  m_RotationAtRest: {x: 0, y: 0, z: 0}
  m_RotationOffset: {x: 0, y: 0, z: 0}
  m_AffectRotationX: 1
  m_AffectRotationY: 1
  m_AffectRotationZ: 1
  m_IsContraintActive: 1
  m_IsLocked: 1
  m_Sources:
  - sourceTransform: {fileID: 0}
    weight: 1
--- !u!1 &1526368076413920728
GameObject:
  m_ObjectHideFlags: 0
  m_CorrespondingSourceObject: {fileID: 0}
  m_PrefabInstance: {fileID: 0}
  m_PrefabAsset: {fileID: 0}
  serializedVersion: 6
  m_Component:
  - component: {fileID: 1526368076413920729}
  m_Layer: 8
  m_Name: Body
  m_TagString: Untagged
  m_Icon: {fileID: 0}
  m_NavMeshLayer: 0
  m_StaticEditorFlags: 0
  m_IsActive: 1
--- !u!4 &1526368076413920729
Transform:
  m_ObjectHideFlags: 0
  m_CorrespondingSourceObject: {fileID: 0}
  m_PrefabInstance: {fileID: 0}
  m_PrefabAsset: {fileID: 0}
  m_GameObject: {fileID: 1526368076413920728}
  m_LocalRotation: {x: 0, y: 0, z: 0, w: 1}
  m_LocalPosition: {x: 0, y: 0, z: 0}
  m_LocalScale: {x: 1, y: 1, z: 1}
  m_Children:
  - {fileID: 1322184330758727373}
  - {fileID: 3586848954872231747}
  - {fileID: 6672090928972627802}
  - {fileID: 4311103716708824798}
  - {fileID: 1573828262022563015}
  - {fileID: 5900633602140105492}
  - {fileID: 4614229876773239927}
  - {fileID: 665942009866270959}
  m_Father: {fileID: 5224367856836661869}
  m_RootOrder: 2
  m_LocalEulerAnglesHint: {x: 0, y: 0, z: 0}
--- !u!1 &1526368077137536058
GameObject:
  m_ObjectHideFlags: 0
  m_CorrespondingSourceObject: {fileID: 0}
  m_PrefabInstance: {fileID: 0}
  m_PrefabAsset: {fileID: 0}
  serializedVersion: 6
  m_Component:
  - component: {fileID: 1526368077137536059}
  m_Layer: 8
  m_Name: Gun
  m_TagString: Untagged
  m_Icon: {fileID: 0}
  m_NavMeshLayer: 0
  m_StaticEditorFlags: 0
  m_IsActive: 1
--- !u!4 &1526368077137536059
Transform:
  m_ObjectHideFlags: 0
  m_CorrespondingSourceObject: {fileID: 0}
  m_PrefabInstance: {fileID: 0}
  m_PrefabAsset: {fileID: 0}
  m_GameObject: {fileID: 1526368077137536058}
  m_LocalRotation: {x: 0.2588191, y: 0, z: 0, w: 0.9659258}
  m_LocalPosition: {x: -1.26, y: 0.83, z: -1.47}
  m_LocalScale: {x: 2, y: 2, z: 2}
  m_Children:
  - {fileID: 457702514598656890}
  - {fileID: 5713784645900386815}
  - {fileID: 6208108872980474253}
  m_Father: {fileID: 1526368076288108030}
  m_RootOrder: 1
  m_LocalEulerAnglesHint: {x: 30, y: 0, z: 0}
--- !u!1 &1962314582931255016
GameObject:
  m_ObjectHideFlags: 0
  m_CorrespondingSourceObject: {fileID: 0}
  m_PrefabInstance: {fileID: 0}
  m_PrefabAsset: {fileID: 0}
  serializedVersion: 6
  m_Component:
  - component: {fileID: 4614229876773239927}
  - component: {fileID: 8873383494584282705}
  - component: {fileID: 8955568289056818262}
  m_Layer: 8
  m_Name: 4_001
  m_TagString: Untagged
  m_Icon: {fileID: 0}
  m_NavMeshLayer: 0
  m_StaticEditorFlags: 0
  m_IsActive: 1
--- !u!4 &4614229876773239927
Transform:
  m_ObjectHideFlags: 0
  m_CorrespondingSourceObject: {fileID: 0}
  m_PrefabInstance: {fileID: 0}
  m_PrefabAsset: {fileID: 0}
  m_GameObject: {fileID: 1962314582931255016}
  m_LocalRotation: {x: 0.00000019949603, y: 0.7071068, z: 0.7071068, w: -0.00000019949603}
  m_LocalPosition: {x: -6.244149, y: 1.974402, z: -8.118766}
  m_LocalScale: {x: 2.0344396, y: 2.0344396, z: 2.0344396}
  m_Children: []
  m_Father: {fileID: 1526368076413920729}
  m_RootOrder: 6
  m_LocalEulerAnglesHint: {x: 0, y: 0, z: 0}
--- !u!33 &8873383494584282705
MeshFilter:
  m_ObjectHideFlags: 0
  m_CorrespondingSourceObject: {fileID: 0}
  m_PrefabInstance: {fileID: 0}
  m_PrefabAsset: {fileID: 0}
  m_GameObject: {fileID: 1962314582931255016}
  m_Mesh: {fileID: -5616203126930660136, guid: ca50741113a9cf147a3bebdbbfe58f44, type: 3}
--- !u!23 &8955568289056818262
MeshRenderer:
  m_ObjectHideFlags: 0
  m_CorrespondingSourceObject: {fileID: 0}
  m_PrefabInstance: {fileID: 0}
  m_PrefabAsset: {fileID: 0}
  m_GameObject: {fileID: 1962314582931255016}
  m_Enabled: 1
  m_CastShadows: 1
  m_ReceiveShadows: 1
  m_DynamicOccludee: 1
  m_StaticShadowCaster: 0
  m_MotionVectors: 1
  m_LightProbeUsage: 1
  m_ReflectionProbeUsage: 1
  m_RayTracingMode: 2
  m_RayTraceProcedural: 0
  m_RenderingLayerMask: 1
  m_RendererPriority: 0
  m_Materials:
  - {fileID: 2100000, guid: 17bed15bd49e43c4ab344b2a999c9f8c, type: 2}
  - {fileID: 2100000, guid: ab21f6a497063224cb2250479520d6eb, type: 2}
  - {fileID: 2100000, guid: eb3aaaf2310504d4c81b97b428cf414f, type: 2}
  - {fileID: 2100000, guid: 16c6efd14a3499d419d60938d01d7578, type: 2}
  m_StaticBatchInfo:
    firstSubMesh: 0
    subMeshCount: 0
  m_StaticBatchRoot: {fileID: 0}
  m_ProbeAnchor: {fileID: 0}
  m_LightProbeVolumeOverride: {fileID: 0}
  m_ScaleInLightmap: 1
  m_ReceiveGI: 1
  m_PreserveUVs: 0
  m_IgnoreNormalsForChartDetection: 0
  m_ImportantGI: 0
  m_StitchLightmapSeams: 1
  m_SelectedEditorRenderState: 3
  m_MinimumChartSize: 4
  m_AutoUVMaxDistance: 0.5
  m_AutoUVMaxAngle: 89
  m_LightmapParameters: {fileID: 0}
  m_SortingLayerID: 0
  m_SortingLayer: 0
  m_SortingOrder: 0
  m_AdditionalVertexStreams: {fileID: 0}
--- !u!1 &2672902709371362267
GameObject:
  m_ObjectHideFlags: 0
  m_CorrespondingSourceObject: {fileID: 0}
  m_PrefabInstance: {fileID: 0}
  m_PrefabAsset: {fileID: 0}
  serializedVersion: 6
  m_Component:
  - component: {fileID: 1322184330758727373}
  - component: {fileID: 4762024790060282640}
  - component: {fileID: 6231840945189022055}
  m_Layer: 8
  m_Name: 1_001
  m_TagString: Untagged
  m_Icon: {fileID: 0}
  m_NavMeshLayer: 0
  m_StaticEditorFlags: 0
  m_IsActive: 1
--- !u!4 &1322184330758727373
Transform:
  m_ObjectHideFlags: 0
  m_CorrespondingSourceObject: {fileID: 0}
  m_PrefabInstance: {fileID: 0}
  m_PrefabAsset: {fileID: 0}
  m_GameObject: {fileID: 2672902709371362267}
  m_LocalRotation: {x: 0.00000019949603, y: 0.7071068, z: 0.7071068, w: -0.00000019949603}
  m_LocalPosition: {x: 5.441353, y: 1.4838715, z: -7.5320897}
  m_LocalScale: {x: 2.0344396, y: 2.0344396, z: 2.0344396}
  m_Children: []
  m_Father: {fileID: 1526368076413920729}
  m_RootOrder: 0
  m_LocalEulerAnglesHint: {x: 0, y: 0, z: 0}
--- !u!33 &4762024790060282640
MeshFilter:
  m_ObjectHideFlags: 0
  m_CorrespondingSourceObject: {fileID: 0}
  m_PrefabInstance: {fileID: 0}
  m_PrefabAsset: {fileID: 0}
  m_GameObject: {fileID: 2672902709371362267}
  m_Mesh: {fileID: -1978846915612386772, guid: ca50741113a9cf147a3bebdbbfe58f44, type: 3}
--- !u!23 &6231840945189022055
MeshRenderer:
  m_ObjectHideFlags: 0
  m_CorrespondingSourceObject: {fileID: 0}
  m_PrefabInstance: {fileID: 0}
  m_PrefabAsset: {fileID: 0}
  m_GameObject: {fileID: 2672902709371362267}
  m_Enabled: 1
  m_CastShadows: 1
  m_ReceiveShadows: 1
  m_DynamicOccludee: 1
  m_StaticShadowCaster: 0
  m_MotionVectors: 1
  m_LightProbeUsage: 1
  m_ReflectionProbeUsage: 1
  m_RayTracingMode: 2
  m_RayTraceProcedural: 0
  m_RenderingLayerMask: 1
  m_RendererPriority: 0
  m_Materials:
  - {fileID: 2100000, guid: 0869902a8a6136d4fb0aaee8335b8556, type: 2}
  - {fileID: 2100000, guid: cc583de2269d1bb4c8eea0f80e0a1da3, type: 2}
  - {fileID: 2100000, guid: 27c9fb3dd9d9d2d4996ab3e76e0cc554, type: 2}
  - {fileID: 2100000, guid: f737850517b23e44db94a0bb3088f71f, type: 2}
  - {fileID: 2100000, guid: dff4b63db7717d74b91a656ceaa6be7a, type: 2}
  m_StaticBatchInfo:
    firstSubMesh: 0
    subMeshCount: 0
  m_StaticBatchRoot: {fileID: 0}
  m_ProbeAnchor: {fileID: 0}
  m_LightProbeVolumeOverride: {fileID: 0}
  m_ScaleInLightmap: 1
  m_ReceiveGI: 1
  m_PreserveUVs: 0
  m_IgnoreNormalsForChartDetection: 0
  m_ImportantGI: 0
  m_StitchLightmapSeams: 1
  m_SelectedEditorRenderState: 3
  m_MinimumChartSize: 4
  m_AutoUVMaxDistance: 0.5
  m_AutoUVMaxAngle: 89
  m_LightmapParameters: {fileID: 0}
  m_SortingLayerID: 0
  m_SortingLayer: 0
  m_SortingOrder: 0
  m_AdditionalVertexStreams: {fileID: 0}
--- !u!1 &3585603799432573938
GameObject:
  m_ObjectHideFlags: 0
  m_CorrespondingSourceObject: {fileID: 0}
  m_PrefabInstance: {fileID: 0}
  m_PrefabAsset: {fileID: 0}
  serializedVersion: 6
  m_Component:
  - component: {fileID: 6495542660008973770}
  m_Layer: 8
  m_Name: Projectile Spawn Position
  m_TagString: Untagged
  m_Icon: {fileID: 0}
  m_NavMeshLayer: 0
  m_StaticEditorFlags: 0
  m_IsActive: 1
--- !u!4 &6495542660008973770
Transform:
  m_ObjectHideFlags: 0
  m_CorrespondingSourceObject: {fileID: 0}
  m_PrefabInstance: {fileID: 0}
  m_PrefabAsset: {fileID: 0}
  m_GameObject: {fileID: 3585603799432573938}
  m_LocalRotation: {x: 0, y: 0, z: 0, w: 1}
  m_LocalPosition: {x: -0, y: 4.36, z: -0}
  m_LocalScale: {x: 1, y: 1, z: 1}
  m_Children: []
  m_Father: {fileID: 6208108872980474253}
  m_RootOrder: 0
  m_LocalEulerAnglesHint: {x: 0, y: 0, z: 0}
--- !u!1 &4100484841071329369
GameObject:
  m_ObjectHideFlags: 0
  m_CorrespondingSourceObject: {fileID: 0}
  m_PrefabInstance: {fileID: 0}
  m_PrefabAsset: {fileID: 0}
  serializedVersion: 6
  m_Component:
  - component: {fileID: 1122809591564493520}
  - component: {fileID: 7120447577922637299}
  - component: {fileID: 3147270602697184515}
  m_Layer: 8
  m_Name: Layer0_001
  m_TagString: Untagged
  m_Icon: {fileID: 0}
  m_NavMeshLayer: 0
  m_StaticEditorFlags: 0
  m_IsActive: 1
--- !u!4 &1122809591564493520
Transform:
  m_ObjectHideFlags: 0
  m_CorrespondingSourceObject: {fileID: 0}
  m_PrefabInstance: {fileID: 0}
  m_PrefabAsset: {fileID: 0}
  m_GameObject: {fileID: 4100484841071329369}
  m_LocalRotation: {x: -0, y: -0, z: -0.9914449, w: 0.13052613}
  m_LocalPosition: {x: -0.82584083, y: 2.4487348, z: 1.2451652}
  m_LocalScale: {x: 1, y: 1, z: 1}
  m_Children: []
  m_Father: {fileID: 3656072982360736549}
  m_RootOrder: 1
  m_LocalEulerAnglesHint: {x: 0, y: 0, z: 0}
--- !u!33 &7120447577922637299
MeshFilter:
  m_ObjectHideFlags: 0
  m_CorrespondingSourceObject: {fileID: 0}
  m_PrefabInstance: {fileID: 0}
  m_PrefabAsset: {fileID: 0}
  m_GameObject: {fileID: 4100484841071329369}
  m_Mesh: {fileID: 2453807835456906848, guid: ca50741113a9cf147a3bebdbbfe58f44, type: 3}
--- !u!23 &3147270602697184515
MeshRenderer:
  m_ObjectHideFlags: 0
  m_CorrespondingSourceObject: {fileID: 0}
  m_PrefabInstance: {fileID: 0}
  m_PrefabAsset: {fileID: 0}
  m_GameObject: {fileID: 4100484841071329369}
  m_Enabled: 1
  m_CastShadows: 1
  m_ReceiveShadows: 1
  m_DynamicOccludee: 1
  m_StaticShadowCaster: 0
  m_MotionVectors: 1
  m_LightProbeUsage: 1
  m_ReflectionProbeUsage: 1
  m_RayTracingMode: 2
  m_RayTraceProcedural: 0
  m_RenderingLayerMask: 1
  m_RendererPriority: 0
  m_Materials:
  - {fileID: 2100000, guid: 31321ba15b8f8eb4c954353edc038b1d, type: 2}
  m_StaticBatchInfo:
    firstSubMesh: 0
    subMeshCount: 0
  m_StaticBatchRoot: {fileID: 0}
  m_ProbeAnchor: {fileID: 0}
  m_LightProbeVolumeOverride: {fileID: 0}
  m_ScaleInLightmap: 1
  m_ReceiveGI: 1
  m_PreserveUVs: 0
  m_IgnoreNormalsForChartDetection: 0
  m_ImportantGI: 0
  m_StitchLightmapSeams: 1
  m_SelectedEditorRenderState: 3
  m_MinimumChartSize: 4
  m_AutoUVMaxDistance: 0.5
  m_AutoUVMaxAngle: 89
  m_LightmapParameters: {fileID: 0}
  m_SortingLayerID: 0
  m_SortingLayer: 0
  m_SortingOrder: 0
  m_AdditionalVertexStreams: {fileID: 0}
--- !u!1 &4454853076988448866
GameObject:
  m_ObjectHideFlags: 0
  m_CorrespondingSourceObject: {fileID: 0}
  m_PrefabInstance: {fileID: 0}
  m_PrefabAsset: {fileID: 0}
  serializedVersion: 6
  m_Component:
  - component: {fileID: 49040168542832266}
  - component: {fileID: 226053446999020752}
  - component: {fileID: 2549437891025769810}
  m_Layer: 8
  m_Name: Group_005
  m_TagString: Untagged
  m_Icon: {fileID: 0}
  m_NavMeshLayer: 0
  m_StaticEditorFlags: 0
  m_IsActive: 1
--- !u!4 &49040168542832266
Transform:
  m_ObjectHideFlags: 0
  m_CorrespondingSourceObject: {fileID: 0}
  m_PrefabInstance: {fileID: 0}
  m_PrefabAsset: {fileID: 0}
  m_GameObject: {fileID: 4454853076988448866}
  m_LocalRotation: {x: -0, y: -0, z: -0, w: 1}
  m_LocalPosition: {x: -0.26344788, y: -4.268278, z: 0.16906977}
  m_LocalScale: {x: 1, y: 1, z: 1}
  m_Children: []
  m_Father: {fileID: 3656072982360736549}
  m_RootOrder: 0
  m_LocalEulerAnglesHint: {x: 0, y: 0, z: 0}
--- !u!33 &226053446999020752
MeshFilter:
  m_ObjectHideFlags: 0
  m_CorrespondingSourceObject: {fileID: 0}
  m_PrefabInstance: {fileID: 0}
  m_PrefabAsset: {fileID: 0}
  m_GameObject: {fileID: 4454853076988448866}
  m_Mesh: {fileID: 6846323590969841464, guid: ca50741113a9cf147a3bebdbbfe58f44, type: 3}
--- !u!23 &2549437891025769810
MeshRenderer:
  m_ObjectHideFlags: 0
  m_CorrespondingSourceObject: {fileID: 0}
  m_PrefabInstance: {fileID: 0}
  m_PrefabAsset: {fileID: 0}
  m_GameObject: {fileID: 4454853076988448866}
  m_Enabled: 1
  m_CastShadows: 1
  m_ReceiveShadows: 1
  m_DynamicOccludee: 1
  m_StaticShadowCaster: 0
  m_MotionVectors: 1
  m_LightProbeUsage: 1
  m_ReflectionProbeUsage: 1
  m_RayTracingMode: 2
  m_RayTraceProcedural: 0
  m_RenderingLayerMask: 1
  m_RendererPriority: 0
  m_Materials:
  - {fileID: 2100000, guid: 292ae7037563c3f49bbe5bfeec5b3513, type: 2}
  - {fileID: 2100000, guid: 03510d6969c8b9c47a8d1be809fc21d1, type: 2}
  - {fileID: 2100000, guid: 1843a0b97fe77db4e90b2987fe6ad5dd, type: 2}
  - {fileID: 2100000, guid: 8eefb5802b8cd68409b3b5298a714ff6, type: 2}
  m_StaticBatchInfo:
    firstSubMesh: 0
    subMeshCount: 0
  m_StaticBatchRoot: {fileID: 0}
  m_ProbeAnchor: {fileID: 0}
  m_LightProbeVolumeOverride: {fileID: 0}
  m_ScaleInLightmap: 1
  m_ReceiveGI: 1
  m_PreserveUVs: 0
  m_IgnoreNormalsForChartDetection: 0
  m_ImportantGI: 0
  m_StitchLightmapSeams: 1
  m_SelectedEditorRenderState: 3
  m_MinimumChartSize: 4
  m_AutoUVMaxDistance: 0.5
  m_AutoUVMaxAngle: 89
  m_LightmapParameters: {fileID: 0}
  m_SortingLayerID: 0
  m_SortingLayer: 0
  m_SortingOrder: 0
  m_AdditionalVertexStreams: {fileID: 0}
--- !u!1 &4885137095628654807
GameObject:
  m_ObjectHideFlags: 0
  m_CorrespondingSourceObject: {fileID: 0}
  m_PrefabInstance: {fileID: 0}
  m_PrefabAsset: {fileID: 0}
  serializedVersion: 6
  m_Component:
  - component: {fileID: 5224367856836661869}
  m_Layer: 8
  m_Name: vipp-tank
  m_TagString: Untagged
  m_Icon: {fileID: 0}
  m_NavMeshLayer: 0
  m_StaticEditorFlags: 0
  m_IsActive: 1
--- !u!4 &5224367856836661869
Transform:
  m_ObjectHideFlags: 0
  m_CorrespondingSourceObject: {fileID: 0}
  m_PrefabInstance: {fileID: 0}
  m_PrefabAsset: {fileID: 0}
  m_GameObject: {fileID: 4885137095628654807}
  m_LocalRotation: {x: 0, y: 0, z: 0, w: 1}
  m_LocalPosition: {x: 0, y: 0, z: 0}
  m_LocalScale: {x: 0.05, y: 0.05, z: 0.05}
  m_Children:
  - {fileID: 1526368075779770677}
  - {fileID: 4999618828702454620}
  - {fileID: 1526368076413920729}
  - {fileID: 1526368076288108030}
  m_Father: {fileID: 0}
  m_RootOrder: 0
  m_LocalEulerAnglesHint: {x: 0, y: 0, z: 0}
--- !u!1 &5056909399494679390
GameObject:
  m_ObjectHideFlags: 0
  m_CorrespondingSourceObject: {fileID: 0}
  m_PrefabInstance: {fileID: 0}
  m_PrefabAsset: {fileID: 0}
  serializedVersion: 6
  m_Component:
  - component: {fileID: 5900633602140105492}
  - component: {fileID: 4981412537172150238}
  - component: {fileID: 5003144854046198496}
  m_Layer: 8
  m_Name: 3_001
  m_TagString: Untagged
  m_Icon: {fileID: 0}
  m_NavMeshLayer: 0
  m_StaticEditorFlags: 0
  m_IsActive: 1
--- !u!4 &5900633602140105492
Transform:
  m_ObjectHideFlags: 0
  m_CorrespondingSourceObject: {fileID: 0}
  m_PrefabInstance: {fileID: 0}
  m_PrefabAsset: {fileID: 0}
  m_GameObject: {fileID: 5056909399494679390}
  m_LocalRotation: {x: 0.7071066, y: -0, z: -0, w: 0.707107}
  m_LocalPosition: {x: 2.0751755, y: 2.2748668, z: -0.32364535}
  m_LocalScale: {x: -2.0344396, y: -2.0344396, z: -2.0344396}
  m_Children: []
  m_Father: {fileID: 1526368076413920729}
  m_RootOrder: 5
  m_LocalEulerAnglesHint: {x: 0, y: 0, z: 0}
--- !u!33 &4981412537172150238
MeshFilter:
  m_ObjectHideFlags: 0
  m_CorrespondingSourceObject: {fileID: 0}
  m_PrefabInstance: {fileID: 0}
  m_PrefabAsset: {fileID: 0}
  m_GameObject: {fileID: 5056909399494679390}
  m_Mesh: {fileID: -587487433320404980, guid: ca50741113a9cf147a3bebdbbfe58f44, type: 3}
--- !u!23 &5003144854046198496
MeshRenderer:
  m_ObjectHideFlags: 0
  m_CorrespondingSourceObject: {fileID: 0}
  m_PrefabInstance: {fileID: 0}
  m_PrefabAsset: {fileID: 0}
  m_GameObject: {fileID: 5056909399494679390}
  m_Enabled: 1
  m_CastShadows: 1
  m_ReceiveShadows: 1
  m_DynamicOccludee: 1
  m_StaticShadowCaster: 0
  m_MotionVectors: 1
  m_LightProbeUsage: 1
  m_ReflectionProbeUsage: 1
  m_RayTracingMode: 2
  m_RayTraceProcedural: 0
  m_RenderingLayerMask: 1
  m_RendererPriority: 0
  m_Materials:
  - {fileID: 2100000, guid: cc583de2269d1bb4c8eea0f80e0a1da3, type: 2}
  - {fileID: 2100000, guid: 03510d6969c8b9c47a8d1be809fc21d1, type: 2}
  - {fileID: 2100000, guid: cc583de2269d1bb4c8eea0f80e0a1da3, type: 2}
  - {fileID: 2100000, guid: 8eefb5802b8cd68409b3b5298a714ff6, type: 2}
  - {fileID: 2100000, guid: 7eadebbf6cd93134b8a1c8fed4573df6, type: 2}
  - {fileID: 2100000, guid: 73e459dcbe0a82c47be655403b8eee5c, type: 2}
  - {fileID: 2100000, guid: 3e7f49978d0728441a6629ebae931966, type: 2}
  - {fileID: 2100000, guid: 0bbe27da6f3fc4b4791120cbfcdee1ab, type: 2}
  - {fileID: 2100000, guid: 0869902a8a6136d4fb0aaee8335b8556, type: 2}
  m_StaticBatchInfo:
    firstSubMesh: 0
    subMeshCount: 0
  m_StaticBatchRoot: {fileID: 0}
  m_ProbeAnchor: {fileID: 0}
  m_LightProbeVolumeOverride: {fileID: 0}
  m_ScaleInLightmap: 1
  m_ReceiveGI: 1
  m_PreserveUVs: 0
  m_IgnoreNormalsForChartDetection: 0
  m_ImportantGI: 0
  m_StitchLightmapSeams: 1
  m_SelectedEditorRenderState: 3
  m_MinimumChartSize: 4
  m_AutoUVMaxDistance: 0.5
  m_AutoUVMaxAngle: 89
  m_LightmapParameters: {fileID: 0}
  m_SortingLayerID: 0
  m_SortingLayer: 0
  m_SortingOrder: 0
  m_AdditionalVertexStreams: {fileID: 0}
--- !u!1 &5362652527999205139
GameObject:
  m_ObjectHideFlags: 0
  m_CorrespondingSourceObject: {fileID: 0}
  m_PrefabInstance: {fileID: 0}
  m_PrefabAsset: {fileID: 0}
  serializedVersion: 6
  m_Component:
  - component: {fileID: 6208108872980474253}
  - component: {fileID: 7206771801665778041}
  - component: {fileID: 9107331417404288252}
  m_Layer: 8
  m_Name: Group#25_001
  m_TagString: Untagged
  m_Icon: {fileID: 0}
  m_NavMeshLayer: 0
  m_StaticEditorFlags: 0
  m_IsActive: 1
--- !u!4 &6208108872980474253
Transform:
  m_ObjectHideFlags: 0
  m_CorrespondingSourceObject: {fileID: 0}
  m_PrefabInstance: {fileID: 0}
  m_PrefabAsset: {fileID: 0}
  m_GameObject: {fileID: 5362652527999205139}
  m_LocalRotation: {x: 0.000000015805067, y: 0.86602545, z: 0.5, w: -0.000000005268356}
  m_LocalPosition: {x: -0.057060003, y: 1.2407343, z: 2.2364092}
  m_LocalScale: {x: 0.9000003, y: 0.7499999, z: 0.74999994}
  m_Children:
  - {fileID: 6495542660008973770}
  m_Father: {fileID: 1526368077137536059}
  m_RootOrder: 2
  m_LocalEulerAnglesHint: {x: 0, y: 0, z: 0}
--- !u!33 &7206771801665778041
MeshFilter:
  m_ObjectHideFlags: 0
  m_CorrespondingSourceObject: {fileID: 0}
  m_PrefabInstance: {fileID: 0}
  m_PrefabAsset: {fileID: 0}
  m_GameObject: {fileID: 5362652527999205139}
  m_Mesh: {fileID: -5022171434419065638, guid: ca50741113a9cf147a3bebdbbfe58f44, type: 3}
--- !u!23 &9107331417404288252
MeshRenderer:
  m_ObjectHideFlags: 0
  m_CorrespondingSourceObject: {fileID: 0}
  m_PrefabInstance: {fileID: 0}
  m_PrefabAsset: {fileID: 0}
  m_GameObject: {fileID: 5362652527999205139}
  m_Enabled: 1
  m_CastShadows: 1
  m_ReceiveShadows: 1
  m_DynamicOccludee: 1
  m_StaticShadowCaster: 0
  m_MotionVectors: 1
  m_LightProbeUsage: 1
  m_ReflectionProbeUsage: 1
  m_RayTracingMode: 2
  m_RayTraceProcedural: 0
  m_RenderingLayerMask: 1
  m_RendererPriority: 0
  m_Materials:
  - {fileID: 2100000, guid: cc583de2269d1bb4c8eea0f80e0a1da3, type: 2}
  - {fileID: 2100000, guid: 32f71bedebc18b948b05966ea8b8e912, type: 2}
  - {fileID: 2100000, guid: 9b29f68f6b7e2864983be2b5850bdf18, type: 2}
  - {fileID: 2100000, guid: 7618c95f1f81d864b9e6cf559bc0b07c, type: 2}
  - {fileID: 2100000, guid: d6a2c1bb65ea70443b62a0431debcdc4, type: 2}
  - {fileID: 2100000, guid: e6d4a3d137e5e1242a99fa073872fd25, type: 2}
  m_StaticBatchInfo:
    firstSubMesh: 0
    subMeshCount: 0
  m_StaticBatchRoot: {fileID: 0}
  m_ProbeAnchor: {fileID: 0}
  m_LightProbeVolumeOverride: {fileID: 0}
  m_ScaleInLightmap: 1
  m_ReceiveGI: 1
  m_PreserveUVs: 0
  m_IgnoreNormalsForChartDetection: 0
  m_ImportantGI: 0
  m_StitchLightmapSeams: 1
  m_SelectedEditorRenderState: 3
  m_MinimumChartSize: 4
  m_AutoUVMaxDistance: 0.5
  m_AutoUVMaxAngle: 89
  m_LightmapParameters: {fileID: 0}
  m_SortingLayerID: 0
  m_SortingLayer: 0
  m_SortingOrder: 0
  m_AdditionalVertexStreams: {fileID: 0}
--- !u!1 &6224277317516456540
GameObject:
  m_ObjectHideFlags: 0
  m_CorrespondingSourceObject: {fileID: 0}
  m_PrefabInstance: {fileID: 0}
  m_PrefabAsset: {fileID: 0}
  serializedVersion: 6
  m_Component:
  - component: {fileID: 665942009866270959}
  - component: {fileID: 1562596690754769912}
  - component: {fileID: 7440214648854214674}
  m_Layer: 8
  m_Name: 4_003
  m_TagString: Untagged
  m_Icon: {fileID: 0}
  m_NavMeshLayer: 0
  m_StaticEditorFlags: 0
  m_IsActive: 1
--- !u!4 &665942009866270959
Transform:
  m_ObjectHideFlags: 0
  m_CorrespondingSourceObject: {fileID: 0}
  m_PrefabInstance: {fileID: 0}
  m_PrefabAsset: {fileID: 0}
  m_GameObject: {fileID: 6224277317516456540}
  m_LocalRotation: {x: -0.00000019949596, y: 0.707107, z: -0.7071066, w: -0.00000019949607}
  m_LocalPosition: {x: 6.241872, y: 1.9744017, z: -8.118766}
  m_LocalScale: {x: -2.0344396, y: -2.0344396, z: -2.0344396}
  m_Children: []
  m_Father: {fileID: 1526368076413920729}
  m_RootOrder: 7
  m_LocalEulerAnglesHint: {x: 0, y: 0, z: 0}
--- !u!33 &1562596690754769912
MeshFilter:
  m_ObjectHideFlags: 0
  m_CorrespondingSourceObject: {fileID: 0}
  m_PrefabInstance: {fileID: 0}
  m_PrefabAsset: {fileID: 0}
  m_GameObject: {fileID: 6224277317516456540}
  m_Mesh: {fileID: 6783134135242519536, guid: ca50741113a9cf147a3bebdbbfe58f44, type: 3}
--- !u!23 &7440214648854214674
MeshRenderer:
  m_ObjectHideFlags: 0
  m_CorrespondingSourceObject: {fileID: 0}
  m_PrefabInstance: {fileID: 0}
  m_PrefabAsset: {fileID: 0}
  m_GameObject: {fileID: 6224277317516456540}
  m_Enabled: 1
  m_CastShadows: 1
  m_ReceiveShadows: 1
  m_DynamicOccludee: 1
  m_StaticShadowCaster: 0
  m_MotionVectors: 1
  m_LightProbeUsage: 1
  m_ReflectionProbeUsage: 1
  m_RayTracingMode: 2
  m_RayTraceProcedural: 0
  m_RenderingLayerMask: 1
  m_RendererPriority: 0
  m_Materials:
  - {fileID: 2100000, guid: 17bed15bd49e43c4ab344b2a999c9f8c, type: 2}
  - {fileID: 2100000, guid: ab21f6a497063224cb2250479520d6eb, type: 2}
  - {fileID: 2100000, guid: eb3aaaf2310504d4c81b97b428cf414f, type: 2}
  - {fileID: 2100000, guid: 16c6efd14a3499d419d60938d01d7578, type: 2}
  m_StaticBatchInfo:
    firstSubMesh: 0
    subMeshCount: 0
  m_StaticBatchRoot: {fileID: 0}
  m_ProbeAnchor: {fileID: 0}
  m_LightProbeVolumeOverride: {fileID: 0}
  m_ScaleInLightmap: 1
  m_ReceiveGI: 1
  m_PreserveUVs: 0
  m_IgnoreNormalsForChartDetection: 0
  m_ImportantGI: 0
  m_StitchLightmapSeams: 1
  m_SelectedEditorRenderState: 3
  m_MinimumChartSize: 4
  m_AutoUVMaxDistance: 0.5
  m_AutoUVMaxAngle: 89
  m_LightmapParameters: {fileID: 0}
  m_SortingLayerID: 0
  m_SortingLayer: 0
  m_SortingOrder: 0
  m_AdditionalVertexStreams: {fileID: 0}
--- !u!1 &6266787857573206500
GameObject:
  m_ObjectHideFlags: 0
  m_CorrespondingSourceObject: {fileID: 0}
  m_PrefabInstance: {fileID: 0}
  m_PrefabAsset: {fileID: 0}
  serializedVersion: 6
  m_Component:
  - component: {fileID: 457702514598656890}
  - component: {fileID: 8124650892371515194}
  - component: {fileID: 2211563782346945573}
  m_Layer: 8
  m_Name: Group_006
  m_TagString: Untagged
  m_Icon: {fileID: 0}
  m_NavMeshLayer: 0
  m_StaticEditorFlags: 0
  m_IsActive: 1
--- !u!4 &457702514598656890
Transform:
  m_ObjectHideFlags: 0
  m_CorrespondingSourceObject: {fileID: 0}
  m_PrefabInstance: {fileID: 0}
  m_PrefabAsset: {fileID: 0}
  m_GameObject: {fileID: 6266787857573206500}
  m_LocalRotation: {x: 0.000000015805067, y: 0.86602545, z: 0.5, w: -0.000000005268356}
  m_LocalPosition: {x: 0.0153615475, y: -0.025248319, z: -0.17488801}
  m_LocalScale: {x: 0.9000003, y: 0.7499999, z: 0.74999994}
  m_Children: []
  m_Father: {fileID: 1526368077137536059}
  m_RootOrder: 0
  m_LocalEulerAnglesHint: {x: 0, y: 0, z: 0}
--- !u!33 &8124650892371515194
MeshFilter:
  m_ObjectHideFlags: 0
  m_CorrespondingSourceObject: {fileID: 0}
  m_PrefabInstance: {fileID: 0}
  m_PrefabAsset: {fileID: 0}
  m_GameObject: {fileID: 6266787857573206500}
  m_Mesh: {fileID: 2031328038705607312, guid: ca50741113a9cf147a3bebdbbfe58f44, type: 3}
--- !u!23 &2211563782346945573
MeshRenderer:
  m_ObjectHideFlags: 0
  m_CorrespondingSourceObject: {fileID: 0}
  m_PrefabInstance: {fileID: 0}
  m_PrefabAsset: {fileID: 0}
  m_GameObject: {fileID: 6266787857573206500}
  m_Enabled: 1
  m_CastShadows: 1
  m_ReceiveShadows: 1
  m_DynamicOccludee: 1
  m_StaticShadowCaster: 0
  m_MotionVectors: 1
  m_LightProbeUsage: 1
  m_ReflectionProbeUsage: 1
  m_RayTracingMode: 2
  m_RayTraceProcedural: 0
  m_RenderingLayerMask: 1
  m_RendererPriority: 0
  m_Materials:
  - {fileID: 2100000, guid: be2723dbe8cbec245bbe5388aacf259c, type: 2}
  - {fileID: 2100000, guid: 0869902a8a6136d4fb0aaee8335b8556, type: 2}
  m_StaticBatchInfo:
    firstSubMesh: 0
    subMeshCount: 0
  m_StaticBatchRoot: {fileID: 0}
  m_ProbeAnchor: {fileID: 0}
  m_LightProbeVolumeOverride: {fileID: 0}
  m_ScaleInLightmap: 1
  m_ReceiveGI: 1
  m_PreserveUVs: 0
  m_IgnoreNormalsForChartDetection: 0
  m_ImportantGI: 0
  m_StitchLightmapSeams: 1
  m_SelectedEditorRenderState: 3
  m_MinimumChartSize: 4
  m_AutoUVMaxDistance: 0.5
  m_AutoUVMaxAngle: 89
  m_LightmapParameters: {fileID: 0}
  m_SortingLayerID: 0
  m_SortingLayer: 0
  m_SortingOrder: 0
  m_AdditionalVertexStreams: {fileID: 0}
--- !u!1 &7372704660028765129
GameObject:
  m_ObjectHideFlags: 0
  m_CorrespondingSourceObject: {fileID: 0}
  m_PrefabInstance: {fileID: 0}
  m_PrefabAsset: {fileID: 0}
  serializedVersion: 6
  m_Component:
  - component: {fileID: 4999618828702454620}
  - component: {fileID: 896162144786328611}
  - component: {fileID: 2203998695275952261}
  m_Layer: 8
  m_Name: Small Body
  m_TagString: Untagged
  m_Icon: {fileID: 0}
  m_NavMeshLayer: 0
  m_StaticEditorFlags: 0
  m_IsActive: 1
--- !u!4 &4999618828702454620
Transform:
  m_ObjectHideFlags: 0
  m_CorrespondingSourceObject: {fileID: 0}
  m_PrefabInstance: {fileID: 0}
  m_PrefabAsset: {fileID: 0}
  m_GameObject: {fileID: 7372704660028765129}
  m_LocalRotation: {x: -0.7071068, y: -0, z: -0, w: 0.7071068}
  m_LocalPosition: {x: -1.9444458, y: 3.475, z: 5.66}
  m_LocalScale: {x: 1.8, y: 2.5, z: 1.2}
  m_Children: []
  m_Father: {fileID: 5224367856836661869}
  m_RootOrder: 1
  m_LocalEulerAnglesHint: {x: 0, y: 0, z: 0}
--- !u!33 &896162144786328611
MeshFilter:
  m_ObjectHideFlags: 0
  m_CorrespondingSourceObject: {fileID: 0}
  m_PrefabInstance: {fileID: 0}
  m_PrefabAsset: {fileID: 0}
  m_GameObject: {fileID: 7372704660028765129}
  m_Mesh: {fileID: -1301026884127317811, guid: ca50741113a9cf147a3bebdbbfe58f44, type: 3}
--- !u!23 &2203998695275952261
MeshRenderer:
  m_ObjectHideFlags: 0
  m_CorrespondingSourceObject: {fileID: 0}
  m_PrefabInstance: {fileID: 0}
  m_PrefabAsset: {fileID: 0}
  m_GameObject: {fileID: 7372704660028765129}
  m_Enabled: 1
  m_CastShadows: 1
  m_ReceiveShadows: 1
  m_DynamicOccludee: 1
  m_StaticShadowCaster: 0
  m_MotionVectors: 1
  m_LightProbeUsage: 1
  m_ReflectionProbeUsage: 1
  m_RayTracingMode: 2
  m_RayTraceProcedural: 0
  m_RenderingLayerMask: 1
  m_RendererPriority: 0
  m_Materials:
  - {fileID: 2100000, guid: cc583de2269d1bb4c8eea0f80e0a1da3, type: 2}
  - {fileID: 2100000, guid: 47cad14a530fe7c44ab24d17d3054d26, type: 2}
  - {fileID: 2100000, guid: ddca9e658bab1a244965c83ddadf5950, type: 2}
  - {fileID: 2100000, guid: be2723dbe8cbec245bbe5388aacf259c, type: 2}
  - {fileID: 2100000, guid: aa8ba722e24e7954280f61868adf3310, type: 2}
  - {fileID: 2100000, guid: b77d798512e9eeb48ae8a8fad07ae85c, type: 2}
  - {fileID: 2100000, guid: 95d7ec46e522f774bb67b0ef77549d3d, type: 2}
  - {fileID: 2100000, guid: 0869902a8a6136d4fb0aaee8335b8556, type: 2}
  m_StaticBatchInfo:
    firstSubMesh: 0
    subMeshCount: 0
  m_StaticBatchRoot: {fileID: 0}
  m_ProbeAnchor: {fileID: 0}
  m_LightProbeVolumeOverride: {fileID: 0}
  m_ScaleInLightmap: 1
  m_ReceiveGI: 1
  m_PreserveUVs: 0
  m_IgnoreNormalsForChartDetection: 0
  m_ImportantGI: 0
  m_StitchLightmapSeams: 1
  m_SelectedEditorRenderState: 3
  m_MinimumChartSize: 4
  m_AutoUVMaxDistance: 0.5
  m_AutoUVMaxAngle: 89
  m_LightmapParameters: {fileID: 0}
  m_SortingLayerID: 0
  m_SortingLayer: 0
  m_SortingOrder: 0
  m_AdditionalVertexStreams: {fileID: 0}
--- !u!1 &7639937010916561318
GameObject:
  m_ObjectHideFlags: 0
  m_CorrespondingSourceObject: {fileID: 0}
  m_PrefabInstance: {fileID: 0}
  m_PrefabAsset: {fileID: 0}
  serializedVersion: 6
  m_Component:
  - component: {fileID: 4311103716708824798}
  - component: {fileID: 2930568410367274503}
  - component: {fileID: 5462584940706909835}
  m_Layer: 8
  m_Name: 2_002
  m_TagString: Untagged
  m_Icon: {fileID: 0}
  m_NavMeshLayer: 0
  m_StaticEditorFlags: 0
  m_IsActive: 1
--- !u!4 &4311103716708824798
Transform:
  m_ObjectHideFlags: 0
  m_CorrespondingSourceObject: {fileID: 0}
  m_PrefabInstance: {fileID: 0}
  m_PrefabAsset: {fileID: 0}
  m_GameObject: {fileID: 7639937010916561318}
  m_LocalRotation: {x: -0.00000019949596, y: 0.707107, z: -0.7071066, w: -0.00000019949607}
  m_LocalPosition: {x: -5.5538716, y: 1.4809785, z: 5.777213}
  m_LocalScale: {x: -2.0344396, y: -2.0344396, z: -2.0344396}
  m_Children: []
  m_Father: {fileID: 1526368076413920729}
  m_RootOrder: 3
  m_LocalEulerAnglesHint: {x: 0, y: 0, z: 0}
--- !u!33 &2930568410367274503
MeshFilter:
  m_ObjectHideFlags: 0
  m_CorrespondingSourceObject: {fileID: 0}
  m_PrefabInstance: {fileID: 0}
  m_PrefabAsset: {fileID: 0}
  m_GameObject: {fileID: 7639937010916561318}
  m_Mesh: {fileID: -919104171912155566, guid: ca50741113a9cf147a3bebdbbfe58f44, type: 3}
--- !u!23 &5462584940706909835
MeshRenderer:
  m_ObjectHideFlags: 0
  m_CorrespondingSourceObject: {fileID: 0}
  m_PrefabInstance: {fileID: 0}
  m_PrefabAsset: {fileID: 0}
  m_GameObject: {fileID: 7639937010916561318}
  m_Enabled: 1
  m_CastShadows: 1
  m_ReceiveShadows: 1
  m_DynamicOccludee: 1
  m_StaticShadowCaster: 0
  m_MotionVectors: 1
  m_LightProbeUsage: 1
  m_ReflectionProbeUsage: 1
  m_RayTracingMode: 2
  m_RayTraceProcedural: 0
  m_RenderingLayerMask: 1
  m_RendererPriority: 0
  m_Materials:
  - {fileID: 2100000, guid: cc583de2269d1bb4c8eea0f80e0a1da3, type: 2}
  - {fileID: 2100000, guid: 0869902a8a6136d4fb0aaee8335b8556, type: 2}
  - {fileID: 2100000, guid: f737850517b23e44db94a0bb3088f71f, type: 2}
  - {fileID: 2100000, guid: ef5b9fa3de5545149ab1c8cedae221df, type: 2}
  - {fileID: 2100000, guid: 27c9fb3dd9d9d2d4996ab3e76e0cc554, type: 2}
  - {fileID: 2100000, guid: 45d120ca19dcc94498e90ed25518631c, type: 2}
  - {fileID: 2100000, guid: 6b4671b4b23186149aa4a6307cf14049, type: 2}
  - {fileID: 2100000, guid: dff4b63db7717d74b91a656ceaa6be7a, type: 2}
  m_StaticBatchInfo:
    firstSubMesh: 0
    subMeshCount: 0
  m_StaticBatchRoot: {fileID: 0}
  m_ProbeAnchor: {fileID: 0}
  m_LightProbeVolumeOverride: {fileID: 0}
  m_ScaleInLightmap: 1
  m_ReceiveGI: 1
  m_PreserveUVs: 0
  m_IgnoreNormalsForChartDetection: 0
  m_ImportantGI: 0
  m_StitchLightmapSeams: 1
  m_SelectedEditorRenderState: 3
  m_MinimumChartSize: 4
  m_AutoUVMaxDistance: 0.5
  m_AutoUVMaxAngle: 89
  m_LightmapParameters: {fileID: 0}
  m_SortingLayerID: 0
  m_SortingLayer: 0
  m_SortingOrder: 0
  m_AdditionalVertexStreams: {fileID: 0}
--- !u!1 &7782928405006362544
GameObject:
  m_ObjectHideFlags: 0
  m_CorrespondingSourceObject: {fileID: 0}
  m_PrefabInstance: {fileID: 0}
  m_PrefabAsset: {fileID: 0}
  serializedVersion: 6
  m_Component:
  - component: {fileID: 3586848954872231747}
  - component: {fileID: 6411935058281468185}
  - component: {fileID: 1825768224328617739}
  m_Layer: 8
  m_Name: 1_003
  m_TagString: Untagged
  m_Icon: {fileID: 0}
  m_NavMeshLayer: 0
  m_StaticEditorFlags: 0
  m_IsActive: 1
--- !u!4 &3586848954872231747
Transform:
  m_ObjectHideFlags: 0
  m_CorrespondingSourceObject: {fileID: 0}
  m_PrefabInstance: {fileID: 0}
  m_PrefabAsset: {fileID: 0}
  m_GameObject: {fileID: 7782928405006362544}
  m_LocalRotation: {x: -0.00000019949596, y: 0.707107, z: -0.7071066, w: -0.00000019949607}
  m_LocalPosition: {x: -5.4413514, y: 1.483871, z: -7.5320897}
  m_LocalScale: {x: -2.0344396, y: -2.0344396, z: -2.0344396}
  m_Children: []
  m_Father: {fileID: 1526368076413920729}
  m_RootOrder: 1
  m_LocalEulerAnglesHint: {x: 0, y: 0, z: 0}
--- !u!33 &6411935058281468185
MeshFilter:
  m_ObjectHideFlags: 0
  m_CorrespondingSourceObject: {fileID: 0}
  m_PrefabInstance: {fileID: 0}
  m_PrefabAsset: {fileID: 0}
  m_GameObject: {fileID: 7782928405006362544}
  m_Mesh: {fileID: 5993918058888561472, guid: ca50741113a9cf147a3bebdbbfe58f44, type: 3}
--- !u!23 &1825768224328617739
MeshRenderer:
  m_ObjectHideFlags: 0
  m_CorrespondingSourceObject: {fileID: 0}
  m_PrefabInstance: {fileID: 0}
  m_PrefabAsset: {fileID: 0}
  m_GameObject: {fileID: 7782928405006362544}
  m_Enabled: 1
  m_CastShadows: 1
  m_ReceiveShadows: 1
  m_DynamicOccludee: 1
  m_StaticShadowCaster: 0
  m_MotionVectors: 1
  m_LightProbeUsage: 1
  m_ReflectionProbeUsage: 1
  m_RayTracingMode: 2
  m_RayTraceProcedural: 0
  m_RenderingLayerMask: 1
  m_RendererPriority: 0
  m_Materials:
  - {fileID: 2100000, guid: 0869902a8a6136d4fb0aaee8335b8556, type: 2}
  - {fileID: 2100000, guid: cc583de2269d1bb4c8eea0f80e0a1da3, type: 2}
  - {fileID: 2100000, guid: 27c9fb3dd9d9d2d4996ab3e76e0cc554, type: 2}
  - {fileID: 2100000, guid: f737850517b23e44db94a0bb3088f71f, type: 2}
  - {fileID: 2100000, guid: dff4b63db7717d74b91a656ceaa6be7a, type: 2}
  m_StaticBatchInfo:
    firstSubMesh: 0
    subMeshCount: 0
  m_StaticBatchRoot: {fileID: 0}
  m_ProbeAnchor: {fileID: 0}
  m_LightProbeVolumeOverride: {fileID: 0}
  m_ScaleInLightmap: 1
  m_ReceiveGI: 1
  m_PreserveUVs: 0
  m_IgnoreNormalsForChartDetection: 0
  m_ImportantGI: 0
  m_StitchLightmapSeams: 1
  m_SelectedEditorRenderState: 3
  m_MinimumChartSize: 4
  m_AutoUVMaxDistance: 0.5
  m_AutoUVMaxAngle: 89
  m_LightmapParameters: {fileID: 0}
  m_SortingLayerID: 0
  m_SortingLayer: 0
  m_SortingOrder: 0
  m_AdditionalVertexStreams: {fileID: 0}
--- !u!1 &8847639071593660616
GameObject:
  m_ObjectHideFlags: 0
  m_CorrespondingSourceObject: {fileID: 0}
  m_PrefabInstance: {fileID: 0}
  m_PrefabAsset: {fileID: 0}
  serializedVersion: 6
  m_Component:
  - component: {fileID: 5713784645900386815}
  - component: {fileID: 5128971750524038139}
  - component: {fileID: 4755983913174305250}
  m_Layer: 8
  m_Name: Group_008
  m_TagString: Untagged
  m_Icon: {fileID: 0}
  m_NavMeshLayer: 0
  m_StaticEditorFlags: 0
  m_IsActive: 1
--- !u!4 &5713784645900386815
Transform:
  m_ObjectHideFlags: 0
  m_CorrespondingSourceObject: {fileID: 0}
  m_PrefabInstance: {fileID: 0}
  m_PrefabAsset: {fileID: 0}
  m_GameObject: {fileID: 8847639071593660616}
  m_LocalRotation: {x: -0, y: 0.8660254, z: 0.5, w: 0}
  m_LocalPosition: {x: 0.029208004, y: 0.71929526, z: 0.32747185}
  m_LocalScale: {x: 0.90000015, y: 1.0781773, z: 0.75000006}
  m_Children: []
  m_Father: {fileID: 1526368077137536059}
  m_RootOrder: 1
  m_LocalEulerAnglesHint: {x: 0, y: 0, z: 0}
--- !u!33 &5128971750524038139
MeshFilter:
  m_ObjectHideFlags: 0
  m_CorrespondingSourceObject: {fileID: 0}
  m_PrefabInstance: {fileID: 0}
  m_PrefabAsset: {fileID: 0}
  m_GameObject: {fileID: 8847639071593660616}
  m_Mesh: {fileID: 4030938630924937158, guid: ca50741113a9cf147a3bebdbbfe58f44, type: 3}
--- !u!23 &4755983913174305250
MeshRenderer:
  m_ObjectHideFlags: 0
  m_CorrespondingSourceObject: {fileID: 0}
  m_PrefabInstance: {fileID: 0}
  m_PrefabAsset: {fileID: 0}
  m_GameObject: {fileID: 8847639071593660616}
  m_Enabled: 1
  m_CastShadows: 1
  m_ReceiveShadows: 1
  m_DynamicOccludee: 1
  m_StaticShadowCaster: 0
  m_MotionVectors: 1
  m_LightProbeUsage: 1
  m_ReflectionProbeUsage: 1
  m_RayTracingMode: 2
  m_RayTraceProcedural: 0
  m_RenderingLayerMask: 1
  m_RendererPriority: 0
  m_Materials:
  - {fileID: 2100000, guid: be2723dbe8cbec245bbe5388aacf259c, type: 2}
  - {fileID: 2100000, guid: f737850517b23e44db94a0bb3088f71f, type: 2}
  - {fileID: 2100000, guid: 0869902a8a6136d4fb0aaee8335b8556, type: 2}
  - {fileID: 2100000, guid: 27c9fb3dd9d9d2d4996ab3e76e0cc554, type: 2}
  m_StaticBatchInfo:
    firstSubMesh: 0
    subMeshCount: 0
  m_StaticBatchRoot: {fileID: 0}
  m_ProbeAnchor: {fileID: 0}
  m_LightProbeVolumeOverride: {fileID: 0}
  m_ScaleInLightmap: 1
  m_ReceiveGI: 1
  m_PreserveUVs: 0
  m_IgnoreNormalsForChartDetection: 0
  m_ImportantGI: 0
  m_StitchLightmapSeams: 1
  m_SelectedEditorRenderState: 3
  m_MinimumChartSize: 4
  m_AutoUVMaxDistance: 0.5
  m_AutoUVMaxAngle: 89
  m_LightmapParameters: {fileID: 0}
  m_SortingLayerID: 0
  m_SortingLayer: 0
  m_SortingOrder: 0
  m_AdditionalVertexStreams: {fileID: 0}
--- !u!1 &9034737518978709325
GameObject:
  m_ObjectHideFlags: 0
  m_CorrespondingSourceObject: {fileID: 0}
  m_PrefabInstance: {fileID: 0}
  m_PrefabAsset: {fileID: 0}
  serializedVersion: 6
  m_Component:
  - component: {fileID: 3656072982360736549}
  - component: {fileID: 3506193251361319698}
  - component: {fileID: 4989258721463099374}
  m_Layer: 8
  m_Name: Tower
  m_TagString: Untagged
  m_Icon: {fileID: 0}
  m_NavMeshLayer: 0
  m_StaticEditorFlags: 0
  m_IsActive: 1
--- !u!4 &3656072982360736549
Transform:
  m_ObjectHideFlags: 0
  m_CorrespondingSourceObject: {fileID: 0}
  m_PrefabInstance: {fileID: 0}
  m_PrefabAsset: {fileID: 0}
  m_GameObject: {fileID: 9034737518978709325}
  m_LocalRotation: {x: 0, y: 0.7071068, z: 0.7071068, w: 0}
  m_LocalPosition: {x: 0.25, y: 0.6, z: -1}
  m_LocalScale: {x: 1, y: 1, z: 1}
  m_Children:
  - {fileID: 49040168542832266}
  - {fileID: 1122809591564493520}
  m_Father: {fileID: 1526368076288108030}
  m_RootOrder: 0
  m_LocalEulerAnglesHint: {x: -90, y: 0, z: 180}
--- !u!33 &3506193251361319698
MeshFilter:
  m_ObjectHideFlags: 0
  m_CorrespondingSourceObject: {fileID: 0}
  m_PrefabInstance: {fileID: 0}
  m_PrefabAsset: {fileID: 0}
  m_GameObject: {fileID: 9034737518978709325}
  m_Mesh: {fileID: 7275263717754736922, guid: ca50741113a9cf147a3bebdbbfe58f44, type: 3}
--- !u!23 &4989258721463099374
MeshRenderer:
  m_ObjectHideFlags: 0
  m_CorrespondingSourceObject: {fileID: 0}
  m_PrefabInstance: {fileID: 0}
  m_PrefabAsset: {fileID: 0}
  m_GameObject: {fileID: 9034737518978709325}
  m_Enabled: 1
  m_CastShadows: 1
  m_ReceiveShadows: 1
  m_DynamicOccludee: 1
  m_StaticShadowCaster: 0
  m_MotionVectors: 1
  m_LightProbeUsage: 1
  m_ReflectionProbeUsage: 1
  m_RayTracingMode: 2
  m_RayTraceProcedural: 0
  m_RenderingLayerMask: 1
  m_RendererPriority: 0
  m_Materials:
  - {fileID: 2100000, guid: cc583de2269d1bb4c8eea0f80e0a1da3, type: 2}
  - {fileID: 2100000, guid: cc583de2269d1bb4c8eea0f80e0a1da3, type: 2}
  - {fileID: 2100000, guid: 03510d6969c8b9c47a8d1be809fc21d1, type: 2}
  - {fileID: 2100000, guid: 846459e5a73e64043a98495c9c9428b9, type: 2}
  - {fileID: 2100000, guid: 1843a0b97fe77db4e90b2987fe6ad5dd, type: 2}
  - {fileID: 2100000, guid: 73e459dcbe0a82c47be655403b8eee5c, type: 2}
  - {fileID: 2100000, guid: 8eefb5802b8cd68409b3b5298a714ff6, type: 2}
  m_StaticBatchInfo:
    firstSubMesh: 0
    subMeshCount: 0
  m_StaticBatchRoot: {fileID: 0}
  m_ProbeAnchor: {fileID: 0}
  m_LightProbeVolumeOverride: {fileID: 0}
  m_ScaleInLightmap: 1
  m_ReceiveGI: 1
  m_PreserveUVs: 0
  m_IgnoreNormalsForChartDetection: 0
  m_ImportantGI: 0
  m_StitchLightmapSeams: 1
  m_SelectedEditorRenderState: 3
  m_MinimumChartSize: 4
  m_AutoUVMaxDistance: 0.5
  m_AutoUVMaxAngle: 89
  m_LightmapParameters: {fileID: 0}
  m_SortingLayerID: 0
  m_SortingLayer: 0
  m_SortingOrder: 0
  m_AdditionalVertexStreams: {fileID: 0}
--- !u!1 &9056601816490302230
GameObject:
  m_ObjectHideFlags: 0
  m_CorrespondingSourceObject: {fileID: 0}
  m_PrefabInstance: {fileID: 0}
  m_PrefabAsset: {fileID: 0}
  serializedVersion: 6
  m_Component:
  - component: {fileID: 1573828262022563015}
  - component: {fileID: 7409469633602226632}
  - component: {fileID: 7605289484883175519}
  m_Layer: 8
  m_Name: 3#1_001
  m_TagString: Untagged
  m_Icon: {fileID: 0}
  m_NavMeshLayer: 0
  m_StaticEditorFlags: 0
  m_IsActive: 1
--- !u!4 &1573828262022563015
Transform:
  m_ObjectHideFlags: 0
  m_CorrespondingSourceObject: {fileID: 0}
  m_PrefabInstance: {fileID: 0}
  m_PrefabAsset: {fileID: 0}
  m_GameObject: {fileID: 9056601816490302230}
  m_LocalRotation: {x: -0.7071068, y: -0, z: -0, w: 0.7071068}
  m_LocalPosition: {x: -2.0751755, y: 2.2748678, z: -0.32364535}
  m_LocalScale: {x: 2.0344396, y: 2.0344396, z: 2.0344396}
  m_Children: []
  m_Father: {fileID: 1526368076413920729}
  m_RootOrder: 4
  m_LocalEulerAnglesHint: {x: 0, y: 0, z: 0}
--- !u!33 &7409469633602226632
MeshFilter:
  m_ObjectHideFlags: 0
  m_CorrespondingSourceObject: {fileID: 0}
  m_PrefabInstance: {fileID: 0}
  m_PrefabAsset: {fileID: 0}
  m_GameObject: {fileID: 9056601816490302230}
  m_Mesh: {fileID: -1333458025093316364, guid: ca50741113a9cf147a3bebdbbfe58f44, type: 3}
--- !u!23 &7605289484883175519
MeshRenderer:
  m_ObjectHideFlags: 0
  m_CorrespondingSourceObject: {fileID: 0}
  m_PrefabInstance: {fileID: 0}
  m_PrefabAsset: {fileID: 0}
  m_GameObject: {fileID: 9056601816490302230}
  m_Enabled: 1
  m_CastShadows: 1
  m_ReceiveShadows: 1
  m_DynamicOccludee: 1
  m_StaticShadowCaster: 0
  m_MotionVectors: 1
  m_LightProbeUsage: 1
  m_ReflectionProbeUsage: 1
  m_RayTracingMode: 2
  m_RayTraceProcedural: 0
  m_RenderingLayerMask: 1
  m_RendererPriority: 0
  m_Materials:
  - {fileID: 2100000, guid: cc583de2269d1bb4c8eea0f80e0a1da3, type: 2}
  - {fileID: 2100000, guid: be2723dbe8cbec245bbe5388aacf259c, type: 2}
  - {fileID: 2100000, guid: 27c9fb3dd9d9d2d4996ab3e76e0cc554, type: 2}
  - {fileID: 2100000, guid: ef5b9fa3de5545149ab1c8cedae221df, type: 2}
  - {fileID: 2100000, guid: 45d120ca19dcc94498e90ed25518631c, type: 2}
  - {fileID: 2100000, guid: cc583de2269d1bb4c8eea0f80e0a1da3, type: 2}
  - {fileID: 2100000, guid: dff4b63db7717d74b91a656ceaa6be7a, type: 2}
  - {fileID: 2100000, guid: 6b4671b4b23186149aa4a6307cf14049, type: 2}
  - {fileID: 2100000, guid: 03510d6969c8b9c47a8d1be809fc21d1, type: 2}
  m_StaticBatchInfo:
    firstSubMesh: 0
    subMeshCount: 0
  m_StaticBatchRoot: {fileID: 0}
  m_ProbeAnchor: {fileID: 0}
  m_LightProbeVolumeOverride: {fileID: 0}
  m_ScaleInLightmap: 1
  m_ReceiveGI: 1
  m_PreserveUVs: 0
  m_IgnoreNormalsForChartDetection: 0
  m_ImportantGI: 0
  m_StitchLightmapSeams: 1
  m_SelectedEditorRenderState: 3
  m_MinimumChartSize: 4
  m_AutoUVMaxDistance: 0.5
  m_AutoUVMaxAngle: 89
  m_LightmapParameters: {fileID: 0}
  m_SortingLayerID: 0
  m_SortingLayer: 0
  m_SortingOrder: 0
  m_AdditionalVertexStreams: {fileID: 0}
